@Book{knuth:84,
  author = 	 {Donald E. Knuth},
  title = 	 {The {\TeX} Book},
  publisher = 	 {Addison-Wesley},
  year = 	 {1984},
  edition = 	 {15th}
}

@InCollection{boulic:91,
  author = 	 {R. Boulic and O. Renault},
  title = 	 {3D Hierarchies for Animation},
  booktitle = 	 {New Trends in Animation and Visualization},
  publisher =    {John Wiley {\&} Sons ltd.},
  year = 	 {1991},
  editor = 	 {Nadia Magnenat-Thalmann and Daniel Thalmann}
}

@InCollection{smith:99,
  author = 	 {A. Smith and B. Jones},
  title = 	 {On the Complexity of Computing},
  booktitle = 	 {Advances in Computer Science},
  pages = 	 {555--566},
  publisher =    {Publishing Press},
  year = 	 {1999},
  editor = 	 {A. B. Smith-Jones}
}

@misc{OMS,
title={OMS: 17,5 milhões de pessoas morrem todos os anos de doenças cardiovasculares},
author={{Paula Laboissière}},
howpublished={Disponível em: \url{http://agenciabrasil.ebc.com.br/geral/noticia/2016-09/oms-175-milhoes-de-pessoas-morrem-todos-os-anos-de-doencas/-cardiovasculares}. Acesso em: 02 novembro de 2017},
year="2017"
}

@book{book:MOS,
   title =     {Modern operating systems},
   author =    {Andrew S. Tanenbaum, Herbert Bos},
   publisher = {Pearson},
   isbn =      {0-13-359162-X,978-0-13-359162-0},
   year =      {2014},
   series =    {},
   edition =   {4ed.},
   volume =    {},
   url =       {http://gen.lib.rus.ec/book/index.php?							            md5=15415EC4B87BC657692CF040890F5E4A}
}
   
@book{kurose2005computer,
  title={Computer networking: A top-down approach featuring the internet, 6/E},
  author={Kurose, James F},
  year={2013},
  publisher={Pearson Education India}
}

@misc{portas,
title={Redes, Guia Prático 2ª Ed. (Atualização)},
author={{Carlos E. Morimoto}},
howpublished={Disponível em: \url{http://www.hardware.com.br/livros/redes/portas-tcp-udp.html}. Acesso em: 02 novembro de 2017},
year="2017"
}

